@MISC{tf,
   TITLE="TensorFlow",
   HOWPUBLISHED="{\url{http://www.tensorflow.org}}",
   NOTE="Erişim tarihi: 31.10.2017",
}
@MISC{keras,
   TITLE="Keras Documentation",
   HOWPUBLISHED="{\url{http://www.keras.io}}",
   NOTE="Erişim tarihi: 31.10.2017",
}

