@BOOK{byrne,
   AUTHOR="Ciara Byrne",
   TITLE="Development Workflows for Data Scientists",
   PUBLISHER="O'Reilly",
   EDITION="First",
   YEAR="2017",
   NOTE=""
}

@MISC{jupy,
   TITLE="Project Jupyter",
   HOWPUBLISHED={\url{http://jupyter.org/index.html}},
   NOTE="Eri≈üim tarihi: 11.12.2017",
}


