@article{colorful,
  author    = {Richard Zhang and
               Phillip Isola and
               Alexei A. Efros},
  title     = {Colorful Image Colorization},
  journal   = {CoRR},
  volume    = {abs/1603.08511},
  year      = {2016},
  url       = {http://arxiv.org/abs/1603.08511},
  timestamp = {Wed, 07 Jun 2017 14:42:54 +0200},
  biburl    = {http://dblp.uni-trier.de/rec/bib/journals/corr/ZhangIE16},
  bibsource = {dblp computer science bibliography, http://dblp.org}
}

@article{trans,
  author    = {Alex J. Champandard},
  title     = {Semantic Style Transfer and Turning Two-Bit Doodles into Fine Artworks},
  journal   = {CoRR},
  volume    = {abs/1603.01768},
  year      = {2016},
  url       = {http://arxiv.org/abs/1603.01768},
  timestamp = {Wed, 07 Jun 2017 14:40:42 +0200},
  biburl    = {http://dblp.uni-trier.de/rec/bib/journals/corr/Champandard16},
  bibsource = {dblp computer science bibliography, http://dblp.org}
}

@MISC{sun,
   TITLE="SUN Database",
   HOWPUBLISHED="{\url{https://groups.csail.mit.edu/vision/SUN/}}",
   NOTE="Erişim tarihi: 19.10.2017",
}

@MISC{imagenet,
   TITLE="ImageNet",
   HOWPUBLISHED="{\url{http://www.image-net.org/}}",
   NOTE="Erişim tarihi: 19.10.2017",
}

@MISC{vgg,
   TITLE="VGG Practical",
   HOWPUBLISHED="{\url{http://www.robots.ox.ac.uk/~vgg/practicals/cnn/}}",
   NOTE="Erişim tarihi: 19.10.2017",
}

@MISC{minst,
   TITLE="The MINST Database of Handwritten Digits",
   HOWPUBLISHED="{\url{http://yann.lecun.com/exdb/mnist/}}",
   NOTE="Erişim tarihi: 22.10.2017",
}

@MISC{svhn,
   TITLE="The Street View House Numbers (SVHN) Dataset",
   HOWPUBLISHED="{\url{http://ufldl.stanford.edu/housenumbers}}",
   NOTE="Erişim tarihi: 22.10.2017",
}

@MISC{sower,
   TITLE="Stack Overflow Query Outcome Prediction",
   HOWPUBLISHED="{\url{http://cs229.stanford.edu/proj2016/poster/LinJones-Stack\%20Overflow\%20Query\%20Outcome\%20Prediction-poster.pdf}}",
   NOTE="Erişim tarihi: 22.10.2017",
}

@MISC{drvr,
   TITLE="Drivers, Focusing on Your Driving!",
   HOWPUBLISHED="{\url{http://cs229.stanford.edu/proj2016/poster/SamCenLuo-ClassificationOfDriverDistraction-poster.pdf}}",
   NOTE="Erişim tarihi: 22.10.2017",
}

