
@BOOK{koob,
   AUTHOR=Fenestra Floris,
   TITLE=Of Mice and Keyboards,
   PUBLISHER=Kleinrock,
   EDITION=Fourth,
   YEAR=1996,
   NOTE=pp.501-528
}

@ARTICLE{tj,
   AUTHOR=Tom,
   TITLE=Why Jerry is This Smart That He Never Falls For My Traps,
   JOURNAL=Pet Cat International,
   YEAR=September 1988,
   PAGES=13-22,
   VOLUME=20, No. 3, 
}

@MISC{ikiw,
   TITLE=How to Howl,
   HOWPUBLISHED={\url{http://www.cs.binghamton.edu/~reckert/hardwire3new.html}},
   NOTE=Eri≈üim tarihi: 22.11.2017,
}

